@INPROCEEDINGS{Vaswani2017,
    AUTHOR="Ashish Vaswani and Noam Shazeer and Niki Parmar and Jakob Uszkoreit and Llion Jones and Aidan N. Gomez and Lukasz Kaiser and Illia Polosukhin",
    TITLE="Attention Is All You Need",
    BOOKTITLE="Advances in Neural Information Processing Systems 30 (NIPS 2017)",
    YEAR="2017",
    PAGES="5998--6008",
    URL="https://arxiv.org/abs/1706.03762",
    NOTE="Accessed: 2024-05-10"
}

@ARTICLE{Radford2018,
    AUTHOR="Radford, Alec and others",
    TITLE="Improving Language Understanding by Generative Pre-training",
    JOURNAL="OpenAI Blog",
    YEAR="2018",
    URL="https://openai.com/index/language-unsupervised/",
    NOTE="Accessed: 2024-05-10"
}

@ARTICLE{Devlin2018,
    AUTHOR="Devlin, Jacob and Chang, Ming-Wei and Lee, Kenton and Toutanova, Kristina",
    TITLE="BERT: Pre-training of Deep Bidirectional Transformers for Language Understanding",
    JOURNAL="ArXiv e-prints",
    YEAR="2018",
    URL="https://arxiv.org/abs/1810.04805",
    NOTE="Accessed: 2024-05-10"
}

@MISC{OpenAI2022ChatGPT,
    AUTHOR="OpenAI",
    TITLE="Introducing ChatGPT",
    YEAR="2022",
    MONTH="November",
    URL="https://openai.com/blog/chatgpt",
    NOTE="Accessed: 2024-05-10"
}

@MISC{V7Labs2023,
    AUTHOR="V7 Labs",
    TITLE="Large Language Models (LLMs): Challenges, Predictions, Tutorial",
    URL="https://www.v7labs.com/blog/large-language-models-challenges-predictions-tutorial",
    YEAR="2023",
    NOTE="Accessed: 2024-05-10"
}

@MISC{GitHubCopilot2023,
    AUTHOR="GitHub",
    TITLE="GitHub Copilot X: The AI-Powered Developer Experience",
    YEAR="2023",
    MONTH="March",
    DAY="22",
    URL="https://github.blog/2023-03-22-github-copilot-x-the-ai-powered-developer-experience/",
    NOTE="Accessed: 2024-05-10"
}

@ARTICLE{BattleOfCreativity2024,
    AUTHOR="Anakin AI",
    TITLE="The Battle of Creativity: Comparing DALL E vs MidJourney vs Stable Diffusion",
    JOURNAL="Anakin AI Blog",
    YEAR="2024",
    URL="https://anakin.ai/blog/dall-e-vs-midjourney-vs-stable-diffusion/",
    NOTE="Accessed: 2024-05-10"
}

@ARTICLE{TowardsAI2024,
    AUTHOR="Towards AI Team",
    TITLE="Unraveling the Magic of Generative AI: The Ultimate FAQ",
    JOURNAL="Towards AI",
    YEAR="2024",
    URL="https://towardsai.net/p/generative-ai/unraveling-the-magic-of-generative-ai-the-ultimate-faq-extravaganza-%E2%9C%A8#69ce",
    NOTE="Accessed: 2024-05-10"
}

@ONLINE{HatchWorks2024,
    AUTHOR="HatchWorks",
    TITLE="Expert's Guide: Generative AI Prompts for Maximum Efficiency",
    YEAR="2024",
    URL="https://hatchworks.com/blog/gen-ai/generative-ai-prompt-guide/",
    NOTE="Accessed: 2024-05-10"
}

@ARTICLE{arXiv2024Prompt,
    AUTHOR="Author Name",
    TITLE="Prompt Design and Engineering: Introduction and Advanced Methods",
    JOURNAL="arXiv",
    YEAR="2024",
    VOLUME="2401.14423v3",
    URL="https://ar5iv.labs.arxiv.org/html/2401.14423v3",
    NOTE="Accessed: 2024-05-10"
}


